@inproceedings{fonseca2019findings,
  title={Findings of the WMT 2019 Shared Tasks on Quality Estimation},
  author={Fonseca, Erick and Yankovskaya, Lisa and Martins, Andr{\'e} FT and Fishel, Mark and Federmann, Christian},
  booktitle={Proceedings of the Fourth Conference on Machine Translation (Volume 3: Shared Task Papers, Day 2)},
  pages={1--10},
  year={2019}
}


@article{deepquest,
    title={DeepQuest: a framework for neural-based Quality Estimation},
    author={Julia Ive and Frédéric Blain and Lucia Specia},
    journal={In the Proceedings of COLING 2018, the 27th International Conference on Computational Linguistics, Sante Fe, New Mexico, USA},
    year={2018}
}

@InProceedings{questplusplus,
    author    = {Specia, Lucia  and  Paetzold, Gustavo  and  Scarton, Carolina},
    title     = {Multi-level Translation Quality Prediction with QuEst++},
    booktitle = {ACL-IJCNLP 2015 System Demonstrations},
    year      = {2015},
    address   = {Beijing, China},
    pages     = {115--120},
    url       = {http://www.aclweb.org/anthology/P15-4020}
}


@inproceedings{openkiwi,
    author = {Fábio Kepler and
              Jonay Trénous and
              Marcos Treviso and
              Miguel Vera and
              André F. T. Martins},
    title  = {Open{K}iwi: An Open Source Framework for Quality Estimation},
    year   = {2019},
    booktitle = {Proceedings of the 57th Annual Meeting of the Association for Computational Linguistics--System Demonstrations},
    pages  = {117--122},
    month  = {7},
    address = {Florence, Italy},
    url    = {https://www.aclweb.org/anthology/P19-3020},
    organization = {Association for Computational Linguistics},
}


@inproceedings{fastalign:2013,
    title={A Simple, Fast, and Effective Reparameterization of IBM Model 2},
    author={Dyer, Chris and Chahuneau, Victor and Smith, Noah A},
    booktitle={Proceedings of NAACL-HLT},
    pages={644--648},
    year={2013}
}


@InProceedings{opus:2012,
    author = {Jörg Tiedemann},
    title = {Parallel Data, Tools and Interfaces in OPUS},
    booktitle = {Proceedings of the Eight International Conference on Language Resources and Evaluation (LREC'12)},
    year = {2012},
    month = {5},
    address = {Istanbul, Turkey},
    editor = {Nicoletta Calzolari (Conference Chair) and Khalid Choukri and Thierry Declerck and Mehmet Ugur Dogan and Bente Maegaard and Joseph Mariani and Jan Odijk and Stelios Piperidis},
    publisher = {European Language Resources Association (ELRA)},
    isbn = {978-2-9517408-7-7},
    language = {english}
 }
 
 
 @article{adam,
	title = {Adam: {A} {Method} for {Stochastic} {Optimization}},
	shorttitle = {Adam},
	url = {http://arxiv.org/abs/1412.6980},
	journal = {arXiv:1412.6980 [cs]},
	author = {Kingma, Diederik P. and Ba, Jimmy},
	month = dec,
	year = {2014},
	note = {arXiv: 1412.6980},
}
